@article{arora2018stronger,
  title={Stronger generalization bounds for deep nets via a compression approach},
  author={Arora, Sanjeev and Ge, Rong and Neyshabur, Behnam and Zhang, Yi},
  journal={arXiv preprint arXiv:1802.05296},
  year={2018}
}